<record><leader>00000cas a22000007a 4500</leader><controlfield tag="001">20764006</controlfield><controlfield tag="008">891211d196919uupr uu ne      0    0spa d</controlfield><datafield ind1=" " ind2=" " tag="010"><subfield code="a">sn 89078427 </subfield></datafield><datafield ind1=" " ind2=" " tag="040"><subfield code="a">PNN</subfield><subfield code="b">eng</subfield><subfield code="c">PNN</subfield><subfield code="d">OCLCQ</subfield></datafield><datafield ind1=" " ind2=" " tag="042"><subfield code="a">msc</subfield></datafield><datafield ind1="0" ind2="0" tag="245"><subfield code="a">Abeyno.</subfield></datafield><datafield ind1=" " ind2=" " tag="260"><subfield code="a">Salinas, P.R. :</subfield><subfield code="b">Editorial Vangardia</subfield></datafield><datafield ind1=" " ind2=" " tag="300"><subfield code="a">v.</subfield></datafield><datafield ind1="0" ind2=" " tag="362"><subfield code="a">Vol. 1, nu&#769;m. 1 (Dic. 1969)-</subfield></datafield><datafield ind1=" " ind2=" " tag="752"><subfield code="a">United States</subfield><subfield code="b">Puerto Rico</subfield><subfield code="d">Salinas.</subfield></datafield></record>